<record><leader>00000cas a2200000 a 4500</leader><controlfield tag="001">11798854</controlfield><controlfield tag="008">850313d18671886ncuwr ne      0    0eng  </controlfield><datafield ind1=" " ind2=" " tag="010"><subfield code="a">sn 85042120 </subfield></datafield><datafield ind1=" " ind2=" " tag="040"><subfield code="a">DLC</subfield><subfield code="b">eng</subfield><subfield code="c">DLC</subfield><subfield code="d">NPX</subfield><subfield code="d">NPA</subfield><subfield code="d">PPM</subfield><subfield code="d">NYS</subfield><subfield code="d">NVJ</subfield><subfield code="d">FUG</subfield><subfield code="d">DLC</subfield><subfield code="d">NVJ</subfield><subfield code="d">OCLCQ</subfield><subfield code="d">CUI</subfield><subfield code="d">OCLCQ</subfield><subfield code="d">OCLCF</subfield><subfield code="d">NDD</subfield></datafield><datafield ind1=" " ind2=" " tag="042"><subfield code="a">pcc</subfield></datafield><datafield ind1=" " ind2=" " tag="043"><subfield code="a">n-us-nc</subfield></datafield><datafield ind1="0" ind2="0" tag="050"><subfield code="a">Newspaper</subfield></datafield><datafield ind1=" " ind2="4" tag="050"><subfield code="a">AN</subfield></datafield><datafield ind1="0" ind2=" " tag="130"><subfield code="a">Raleigh register (Raleigh, N.C. : 1867 : Weekly)</subfield></datafield><datafield ind1="1" ind2="4" tag="245"><subfield code="a">The Raleigh register.</subfield></datafield><datafield ind1="3" ind2="0" tag="246"><subfield code="a">Weekly Raleigh register</subfield></datafield><datafield ind1=" " ind2=" " tag="250"><subfield code="a">Weekly ed.</subfield></datafield><datafield ind1=" " ind2=" " tag="260"><subfield code="a">Raleigh, N.C. :</subfield><subfield code="b">Helper &amp; Chapin,</subfield><subfield code="c">1867-1886.</subfield></datafield><datafield ind1=" " ind2=" " tag="300"><subfield code="a">v. ;</subfield><subfield code="c">63 cm.</subfield></datafield><datafield ind1="0" ind2=" " tag="362"><subfield code="a">New ser., v. 1, no. 1 (July 5, 1867)- ; v. 1, no. 1 (Feb. 27, 1884)-v. 2, no. 96 (Jan. 6, 1886).</subfield></datafield><datafield ind1=" " ind2=" " tag="500"><subfield code="a">Whig.</subfield></datafield><datafield ind1=" " ind2=" " tag="500"><subfield code="a">Published as: Weekly Raleigh register, &lt;Mar. 4, 1868&gt;; &lt;Apr. 2-23, 1868&gt;.</subfield></datafield><datafield ind1=" " ind2=" " tag="500"><subfield code="a">Edited by: J.C.L Harris, &lt;1877-1878&gt;</subfield></datafield><datafield ind1=" " ind2=" " tag="500"><subfield code="a">Published by: W.M. Brown, &lt;1877-1878&gt;</subfield></datafield><datafield ind1=" " ind2=" " tag="515"><subfield code="a">Issues dated &lt;May 22, 1877-Apr. 10, 1978&gt; numbered &lt;Vol. 1, no. 9-v. 1, no. 51&gt;</subfield></datafield><datafield ind1=" " ind2=" " tag="530"><subfield code="a">Also issued on microfilm by the North Carolina Dept. of Archives and History, Div. of Archives and Manuscripts.</subfield></datafield><datafield ind1=" " ind2="0" tag="651"><subfield code="a">Raleigh (N.C.)</subfield><subfield code="v">Newspapers.</subfield></datafield><datafield ind1=" " ind2="0" tag="651"><subfield code="a">Wake County (N.C.)</subfield><subfield code="v">Newspapers.</subfield></datafield><datafield ind1=" " ind2="7" tag="651"><subfield code="a">North Carolina</subfield><subfield code="z">Raleigh.</subfield><subfield code="2">fast</subfield><subfield code="0">(OCoLC)fst01206341</subfield></datafield><datafield ind1=" " ind2="7" tag="651"><subfield code="a">North Carolina</subfield><subfield code="z">Wake County.</subfield><subfield code="2">fast</subfield><subfield code="0">(OCoLC)fst01204274</subfield></datafield><datafield ind1=" " ind2="7" tag="655"><subfield code="a">Newspapers.</subfield><subfield code="2">fast</subfield><subfield code="0">(OCoLC)fst01423814</subfield></datafield><datafield ind1=" " ind2=" " tag="752"><subfield code="a">United States</subfield><subfield code="b">North Carolina</subfield><subfield code="c">Wake</subfield><subfield code="d">Raleigh.</subfield></datafield><datafield ind1="0" ind2=" " tag="775"><subfield code="t">Raleigh register (Raleigh, N.C. : 1867 : Semiweekly)</subfield><subfield code="w">(DLC)sn 85042138</subfield><subfield code="w">(OCoLC)11833354</subfield></datafield><datafield ind1="0" ind2="8" tag="776"><subfield code="i">Online version:</subfield><subfield code="t">Raleigh register (Raleigh, N.C. : 1867 : Weekly : Online)</subfield><subfield code="w">(OCoLC)670655741</subfield></datafield><datafield ind1="0" ind2="5" tag="780"><subfield code="t">Union register (Greensboro, N.C.)</subfield></datafield><datafield ind1="0" ind2="7" tag="780"><subfield code="t">Weekly register (Petersburg, Va.)</subfield><subfield code="w">(DLC)sn 92073046</subfield><subfield code="w">(OCoLC)25806623</subfield></datafield><datafield ind1="1" ind2=" " tag="029"><subfield code="a">AU@</subfield><subfield code="b">000026224199</subfield></datafield></record>